<?xml version="1.0" encoding="UTF-8"?><record xmlns="http://www.loc.gov/MARC21/slim" xmlns:cinclude="http://apache.org/cocoon/include/1.0" xmlns:zs="http://www.loc.gov/zing/srw/">
  <leader>00657cz  a2200157n  4500</leader>
  <controlfield tag="001">n  94099844 </controlfield>
  <controlfield tag="003">DLC</controlfield>
  <controlfield tag="005">20060112160722.0</controlfield>
  <controlfield tag="008">941018n| acannaabn          |a ana      </controlfield>
  <datafield tag="010" ind1=" " ind2=" ">
    <subfield code="a">n  94099844 </subfield>
  </datafield>
  <datafield tag="040" ind1=" " ind2=" ">
    <subfield code="a">DLC</subfield>
    <subfield code="c">DLC</subfield>
    <subfield code="d">DLC</subfield>
  </datafield>
  <datafield tag="110" ind1="2" ind2=" ">
    <subfield code="a">Gargano (Italy)</subfield>
  </datafield>
  <datafield tag="410" ind1="2" ind2=" ">
    <subfield code="a">Comunità montana del Gargano (Italy)</subfield>
  </datafield>
  <datafield tag="670" ind1=" " ind2=" ">
    <subfield code="a">Coppa Nevigata e il suo territorio, c1987:</subfield>
    <subfield code="b">t.p. (Comunità montana del Gargano)</subfield>
  </datafield>
  <datafield tag="670" ind1=" " ind2=" ">
    <subfield code="a">Email of Aug. 8, 2005 from analyst at NGA, Political Geography Division</subfield>
    <subfield code="b">(The comunità montane of Italy are third order administrative divisions, but do not appear in GEOnet)</subfield>
  </datafield>
  <datafield tag="675" ind1=" " ind2=" ">
    <subfield code="a">GEOnet Jan. 11, 2006;</subfield>
    <subfield code="a">Col. gaz. online, Jan. 11, 2006</subfield>
  </datafield>
</record>